<record><leader>00000cas a2200000 a 4500</leader><controlfield tag="001">9546121</controlfield><controlfield tag="008">830525d18201822nyudn ne      0    0eng c</controlfield><datafield ind1=" " ind2=" " tag="010"><subfield code="a">sn 83030487 </subfield></datafield><datafield ind1=" " ind2=" " tag="040"><subfield code="a">NPU</subfield><subfield code="b">eng</subfield><subfield code="c">NPU</subfield><subfield code="d">NPX</subfield><subfield code="d">DLC</subfield><subfield code="d">NYS</subfield><subfield code="d">CNK</subfield><subfield code="d">DLC</subfield><subfield code="d">OCL</subfield><subfield code="d">NYS</subfield><subfield code="d">OCLCG</subfield><subfield code="d">OCLCQ</subfield><subfield code="d">OCLCF</subfield><subfield code="d">OCLCO</subfield></datafield><datafield ind1="1" ind2=" " tag="029"><subfield code="a">AU@</subfield><subfield code="b">000020276731</subfield></datafield><datafield ind1=" " ind2=" " tag="042"><subfield code="a">pcc</subfield></datafield><datafield ind1=" " ind2=" " tag="043"><subfield code="a">n-us-ny</subfield></datafield><datafield ind1="0" ind2="0" tag="050"><subfield code="a">Newspaper 8964</subfield></datafield><datafield ind1="0" ind2="0" tag="245"><subfield code="a">Lang, Turner &amp; Co.'s New York gazette &amp; general advertiser.</subfield></datafield><datafield ind1="3" ind2="0" tag="246"><subfield code="a">Lang, Turner and Co.'s New York gazette and general advertiser</subfield></datafield><datafield ind1="1" ind2="3" tag="246"><subfield code="a">New York gazette &amp; general advertiser</subfield></datafield><datafield ind1="1" ind2="7" tag="246"><subfield code="a">Gazette</subfield></datafield><datafield ind1=" " ind2=" " tag="260"><subfield code="a">New York [N.Y.] :</subfield><subfield code="b">Lang, Turner &amp; Co.,</subfield><subfield code="c">1820-1822.</subfield></datafield><datafield ind1=" " ind2=" " tag="300"><subfield code="a">3 v. :</subfield><subfield code="b">ill. (advertisements) ;</subfield><subfield code="c">54-59 cm.</subfield></datafield><datafield ind1=" " ind2=" " tag="310"><subfield code="a">Daily (except Sunday)</subfield></datafield><datafield ind1="0" ind2=" " tag="362"><subfield code="a">Vol. 30, no. 11,859 (Jan. 6, 1820)-v. 32, no. 13,465 (Apr. 30, 1822).</subfield></datafield><datafield ind1=" " ind2=" " tag="500"><subfield code="a">References: Brigham, C.S. Amer. newspapers, p. 642.</subfield></datafield><datafield ind1=" " ind2="0" tag="651"><subfield code="a">New York (N.Y.)</subfield><subfield code="v">Newspapers.</subfield></datafield><datafield ind1=" " ind2="0" tag="651"><subfield code="a">New York County (N.Y.)</subfield><subfield code="v">Newspapers.</subfield></datafield><datafield ind1=" " ind2="7" tag="655"><subfield code="a">Newspapers.</subfield><subfield code="2">fast</subfield><subfield code="0">(OCoLC)fst01423814</subfield></datafield><datafield ind1=" " ind2="7" tag="651"><subfield code="a">New York (State)</subfield><subfield code="z">New York.</subfield><subfield code="2">fast</subfield><subfield code="0">(OCoLC)fst01204333</subfield></datafield><datafield ind1=" " ind2="7" tag="651"><subfield code="a">New York (State)</subfield><subfield code="z">New York County.</subfield><subfield code="2">fast</subfield><subfield code="0">(OCoLC)fst01234953</subfield></datafield><datafield ind1="1" ind2=" " tag="700"><subfield code="a">Lang, John,</subfield><subfield code="d">1769?-1836.</subfield></datafield><datafield ind1="1" ind2=" " tag="700"><subfield code="a">Turner, John,</subfield><subfield code="d">1772?-1857.</subfield></datafield><datafield ind1="1" ind2=" " tag="700"><subfield code="a">West, John,</subfield><subfield code="d">1781?-1858?</subfield></datafield><datafield ind1="1" ind2=" " tag="700"><subfield code="a">Lang, Robert Ustick,</subfield><subfield code="d">1799?-1837.</subfield></datafield><datafield ind1=" " ind2=" " tag="752"><subfield code="a">United States</subfield><subfield code="b">New York</subfield><subfield code="c">New York</subfield><subfield code="d">New York.</subfield></datafield><datafield ind1="0" ind2="0" tag="780"><subfield code="t">New-York gazette and general advertiser (New York, N.Y. : 1795)</subfield><subfield code="w">(DLC)sn 83030490</subfield><subfield code="w">(OCoLC)2264969</subfield></datafield><datafield ind1="0" ind2="0" tag="785"><subfield code="t">New-York gazette &amp; general advertiser (New York, N.Y. : 1822)</subfield><subfield code="w">(DLC)sn 83030486</subfield><subfield code="w">(OCoLC)9549582</subfield></datafield></record>